@Misc{cpython,
howpublished = {\url{http://https://wiki.python.org/moin/PythonImplementations}},
note = {Accessed September 16, 2020},
title = {Python Implementations},
author = {python.org}
}

@Misc{nodejs,
howpublished = {\url{https://nodejs.org}},
title = {Node.js},
author = {nodejs.org}
}

@Article{2-opt,
  author =       {Croes, G.A.},
  title =        {A Method for Solving Traveling-Salesman Problems},
  journal =      {Operations Research},
  year =         {1958},
  OPTkey =       {},
  volume =    {6},
  number =    {6},
  pages =     {791--908},
  OPTmonth =     {},
  OPTnote =      {},
  OPTannote =    {}
}

@PhdThesis{Or-opt,
  author =       {Or, I.},
  title =        {Traveling salesman-type combinatorial problems and their relation to the logistics of regional blood banking},
  school = 	 {Department of Industrial Engineering and Management Sciences,   year =         {1976},
  OPTkey =       {},
  OPTtype =      {},
  OPTaddress =   {},
  OPTmonth =     {},
  OPTnote =      {},
  OPTannote =    {}
}

@INPROCEEDINGS{lns,
    author = {Shaw, P.},
    title = {Using Constraint Programming and Local Search Methods to Solve Vehicle Routing Problems},
    booktitle = {Principles and Practice of Constraint Programming - CP98},
    year = {1998},
    pages = {417--431},
    publisher = {Springer-Verlag}
}

@inbook{lnschapter,
author = {Pisinger, D and Ropke, S.},
year = {2010},
month = {09},
pages = {399-419},
title = {Large Neighborhood Search},
journal = {Handbook of Metaheuristics},
doi = {10.1007/978-1-4419-1665-5_13}
}